<?xml version="1.0" encoding="UTF-8"?><collection xmlns="http://www.loc.gov/MARC21/slim"><record><leader>00352nam--2200133-i-4500</leader><controlfield tag="001">000025981</controlfield><controlfield tag="002">20161230</controlfield><controlfield tag="005">20161230201036</controlfield><controlfield tag="008">060222s1000------------r-----000-0-eng-d</controlfield><datafield ind1=" " ind2=" " tag="100"><subfield code="a">Kamen, Maritn D</subfield></datafield><datafield ind1=" " ind2=" " tag="245"><subfield code="a">Primary provesses in photosynthesis</subfield></datafield><datafield ind1=" " ind2=" " tag="260"><subfield code="a">New York, Academic Press, 1963, Xii + 183p</subfield></datafield><datafield ind1=" " ind2=" " tag="490"><subfield code="a">Advanced Biochemistry</subfield></datafield><datafield ind1=" " ind2=" " tag="852"><subfield code="a">20082</subfield></datafield></record></collection>